@string{SMILE2000 = "Proceedings of the 2nd Workshop on Structure from Multiple Images of Large Scale Environments (SMILE), in conjunction with ECCV 2000, Dublin, Ireland"}

@inproceedings{Davison:Kita:Smile2000,
        author 	= "A. J. Davison and N. Kita",
        title = "Sequential Localisation and Map-Building in Computer Vision and Robotics",
        booktitle = SMILE2000,
	publisher = "Springer-Verlag LNCS",
        year = 2000
}
